<?xml version="1.0" encoding="UTF-8"?><record xmlns="http://www.loc.gov/MARC21/slim" xmlns:cinclude="http://apache.org/cocoon/include/1.0" xmlns:zs="http://www.loc.gov/zing/srw/">
  <leader>00953cz  a2200181n  4500</leader>
  <controlfield tag="001">n  89111304 </controlfield>
  <controlfield tag="003">DLC</controlfield>
  <controlfield tag="005">20080927080747.0</controlfield>
  <controlfield tag="008">900315n| acannaabn          |b ana      </controlfield>
  <datafield tag="010" ind1=" " ind2=" ">
    <subfield code="a">n  89111304 </subfield>
  </datafield>
  <datafield tag="035" ind1=" " ind2=" ">
    <subfield code="a">(OCoLC)oca02703826</subfield>
  </datafield>
  <datafield tag="040" ind1=" " ind2=" ">
    <subfield code="a">DLC</subfield>
    <subfield code="b">eng</subfield>
    <subfield code="c">DLC</subfield>
    <subfield code="d">OCoLC</subfield>
  </datafield>
  <datafield tag="110" ind1="2" ind2=" ">
    <subfield code="a">Minhal ha-meḥḳar ha-ḥaḳlaʼi (Israel).</subfield>
    <subfield code="b">Meḥḳar u-fituaḥ ha-Mifʻal ha-deromi</subfield>
  </datafield>
  <datafield tag="410" ind1="2" ind2=" ">
    <subfield code="a">Minhal ha-meḥḳar ha-ḥaḳlaʼi (Israel).</subfield>
    <subfield code="b">Research and Development the Southern Project</subfield>
  </datafield>
  <datafield tag="410" ind1="2" ind2=" ">
    <subfield code="a">מינהל המחקר החקלאי.</subfield>
    <subfield code="b">מחקר ופיתוח המפעל הדרומי</subfield>
  </datafield>
  <datafield tag="667" ind1=" " ind2=" ">
    <subfield code="a">Machine-derived non-Latin script reference project.</subfield>
  </datafield>
  <datafield tag="667" ind1=" " ind2=" ">
    <subfield code="a">Non-Latin script reference not evaluated.</subfield>
  </datafield>
  <datafield tag="670" ind1=" " ind2=" ">
    <subfield code="a">Kafkafi, U. Meḥḳar u-fituaḥ ... 1980:</subfield>
    <subfield code="b">t.p. (Minhal ha-meḥḳar ha-ḥaḳlaʼi, Meḥḳar u-fituaḥ ha-Mifʻal ha-deromi) added t.p. (Agricultural Resarch [sic] Organization, Reserch [sic] and Development the Southeren [sic] Project)</subfield>
  </datafield>
</record>